<record xmlns="http://www.loc.gov/MARC21/slim" xmlns:xsi="http://www.w3.org/2001/XMLSchema-instance" xsi:schemaLocation="http://www.loc.gov/MARC21/slim http://www.loc.gov/standards/marcxml/schema/MARC21slim.xsd"><leader>01729nam a2200337   4500</leader><controlfield tag="001">3072817</controlfield><controlfield tag="003">NNC</controlfield><controlfield tag="006">m        d        </controlfield><controlfield tag="007">cr cn |||m|||a</controlfield><controlfield tag="008">150223s1960    iq      o     000 0 araod</controlfield><datafield ind1=" " ind2=" " tag="040"><subfield code="a">NNU</subfield><subfield code="b">eng</subfield><subfield code="c">NNU</subfield></datafield><datafield ind1=" " ind2="4" tag="050"><subfield code="a">PJ6064.K5</subfield><subfield code="b">M35 1960</subfield></datafield><datafield ind1="1" ind2=" " tag="100"><subfield code="6">880-01</subfield><subfield code="a">Makhzu&#772;mi&#772;, Mahdi&#772;.</subfield></datafield><datafield ind1="1" ind2="3" tag="245"><subfield code="6">880-02</subfield><subfield code="a">al-Khali&#772;l ibn Ah&#803;mad al-Fara&#772;hi&#772;di&#772;</subfield><subfield code="h">[electronic resource] :</subfield><subfield code="b">a&#699;ma&#772;luhu wa-manhijuh /</subfield><subfield code="c">Mahdi&#772; al-Makhzu&#772;mi&#772;.</subfield></datafield><datafield ind1="1" ind2="4" tag="246"><subfield code="a">Khalil ibn Ahmad al-Faraheedi</subfield></datafield><datafield ind1=" " ind2=" " tag="260"><subfield code="6">880-03</subfield><subfield code="a">Baghda&#772;d :</subfield><subfield code="b">Mat&#803;ba&#699;at al-Zahra&#772;&#700;,</subfield><subfield code="c">1960.</subfield></datafield><datafield ind1=" " ind2=" " tag="300"><subfield code="a">online resource (279 p.)</subfield></datafield><datafield ind1=" " ind2=" " tag="500"><subfield code="a">Part of the Arabic Collections Online (ACO) project, contributed by Columbia University Libraries.</subfield></datafield><datafield ind1=" " ind2=" " tag="533"><subfield code="a">Electronic reproduction.</subfield><subfield code="b">New York, N.Y. :</subfield><subfield code="c">New York University,</subfield><subfield code="d">2015.</subfield><subfield code="5">NNU</subfield></datafield><datafield ind1="0" ind2="0" tag="600"><subfield code="a">Khali&#772;l ibn Ah&#803;mad,</subfield><subfield code="d">718?-786?</subfield></datafield><datafield ind1="0" ind2="7" tag="600"><subfield code="a">Khali&#772;l ibn Ah&#803;mad,</subfield><subfield code="d">718?-786?</subfield><subfield code="2">fast</subfield><subfield code="0">(OCoLC)fst00119782</subfield></datafield><datafield ind1="2" ind2=" " tag="710"><subfield code="a">Columbia University.</subfield><subfield code="b">Libraries.</subfield></datafield><datafield ind1="0" ind2=" " tag="730"><subfield code="a">Arabic Collections Online.</subfield></datafield><datafield ind1="0" ind2="8" tag="776"><subfield code="i">Online version:</subfield><subfield code="a">Makhzu&#772;mi&#772;, Mahdi&#772;</subfield><subfield code="t">Khali&#772;l ibn Ah&#803;mad al-Fara&#772;hi&#772;di&#772;</subfield><subfield code="d">Baghda&#772;d : Mat&#803;ba&#699;at al-Zahra&#772;&#700;, 1960</subfield><subfield code="w">(OCoLC)581786163</subfield></datafield><datafield ind1="0" ind2="8" tag="776"><subfield code="i">Print version:</subfield><subfield code="a">Makhzu&#772;mi&#772;, Mahdi&#772;.</subfield><subfield code="t">al-Khali&#772;l ibn Ah&#803;mad al-Fara&#772;hi&#772;di&#772;</subfield><subfield code="w">(NNC)3072817</subfield><subfield code="w">(OCoLC)47834433</subfield></datafield><datafield ind1="4" ind2="0" tag="856"><subfield code="u">http://hdl.handle.net/2333.1/qjq2bxmx</subfield></datafield><datafield ind1="1" ind2=" " tag="880"><subfield code="6">100-01</subfield><subfield code="a">&#1605;&#1582;&#1586;&#1608;&#1605;&#1610;&#1548; &#1605;&#1607;&#1583;&#1610;.</subfield></datafield><datafield ind1="1" ind2="2" tag="880"><subfield code="6">245-02</subfield><subfield code="a">&#1575;&#1604;&#1582;&#1604;&#1610;&#1604; &#1576;&#1606; &#1575;&#1581;&#1605;&#1583; &#1575;&#1604;&#1601;&#1585;&#1575;&#1607;&#1610;&#1583;&#1610; :</subfield><subfield code="b">&#1575;&#1593;&#1605;&#1575;&#1604;&#1607; &#1608;&#1605;&#1606;&#1607;&#1580;&#1607; /</subfield><subfield code="c">&#1605;&#1607;&#1583;&#1610; &#1575;&#1604;&#1605;&#1582;&#1586;&#1608;&#1605;&#1610;.</subfield></datafield><datafield ind1=" " ind2=" " tag="880"><subfield code="6">260-03</subfield><subfield code="a">&#1576;&#1594;&#1583;&#1575;&#1583; :</subfield><subfield code="b">&#1605;&#1591;&#1576;&#1593;&#1577; &#1575;&#1604;&#1586;&#1607;&#1585;&#1575;&#1569;&#1548;</subfield><subfield code="c">1960.</subfield></datafield><datafield ind1=" " ind2=" " tag="959"><subfield code="a">NNU</subfield><subfield code="b">WEB</subfield><subfield code="c">GENI</subfield><subfield code="t">0</subfield><subfield code="m">Electronic access</subfield><subfield code="s">01</subfield></datafield><datafield ind1=" " ind2=" " tag="999"><subfield code="i">NNC_3072817</subfield><subfield code="o">(OCoLC)47834433</subfield><subfield code="e">OK</subfield><subfield code="s">columbia_aco000081</subfield></datafield></record>